@article{K.Joseph_et_al_1996,
  author = {K.Joseph,M.Shlesinger,G.Zumofen},
  title = {Beyond Brownian Motion},
  journal = {Physics Today},
  year = 1996,
  volume = 49,
  number = 2,
  pages = {33-40},
  doi = {10.1063/1.881487}
}
@article{E.Schaaefer,
  author = {E.Schaaeffer},
  title = {Practica 1: Movimiento Brwoniano},
  year = 2022,
  url = {https://satuelisa.github.io/simulation/p1.html}
}
